<?xml version="1.0" encoding="UTF-8"?><collection xmlns="http://www.loc.gov/MARC21/slim"><record><leader>00589nam--2200205-i-4500</leader><controlfield tag="001">000014121</controlfield><controlfield tag="002">20161230</controlfield><controlfield tag="005">20161230201030</controlfield><controlfield tag="008">060222s1000------------r-----000-0-eng-d</controlfield><datafield ind1=" " ind2=" " tag="020"><subfield code="a">0306409070</subfield></datafield><datafield ind1=" " ind2=" " tag="040"><subfield code="a">IFIN-HH</subfield></datafield><datafield ind1=" " ind2=" " tag="080"><subfield code="a">535.375.5:538.971</subfield></datafield><datafield ind1="1" ind2=" " tag="100"><subfield code="a">Chang,Richard K./S.A.</subfield></datafield><datafield ind1="1" ind2="0" tag="245"><subfield code="a">Surface enhanced raman scattering</subfield><subfield code="c">Richard k. chang; thomas e. furtak (eds.)</subfield></datafield><datafield ind1=" " ind2=" " tag="260"><subfield code="a">New York</subfield><subfield code="b">Plenum Press</subfield><subfield code="c">1982</subfield></datafield><datafield ind1=" " ind2=" " tag="300"><subfield code="a">VIII+422 P</subfield></datafield><datafield ind1=" " ind2="0" tag="650"><subfield code="a">Raman Effect, Surface Enhanced</subfield></datafield><datafield ind1="1" ind2=" " tag="700"><subfield code="a">Furtak, Thomas E</subfield><subfield code="e">Ed</subfield></datafield><datafield ind1=" " ind2=" " tag="852"><subfield code="a">70096</subfield><subfield code="c">535.37</subfield></datafield><datafield ind1=" " ind2=" " tag="CAT"><subfield code="a">Sys</subfield><subfield code="c">20110427</subfield><subfield code="h">125215</subfield></datafield></record></collection>